@article{yamada2019shakedrop,
  title={Shakedrop regularization for deep residual learning},
  author={Yamada, Yoshihiro and Iwamura, Masakazu and Akiba, Takuya and Kise, Koichi},
  journal={IEEE Access},
  volume={7},
  pages={186126--186136},
  year={2019},
  publisher={IEEE}
}

@inproceedings{ishimaru2014blink,
  title={In the blink of an eye: combining head motion and eye blink frequency for activity recognition with google glass},
  author={Ishimaru, Shoya and Kunze, Kai and Kise, Koichi and Weppner, Jens and Dengel, Andreas and Lukowicz, Paul and Bulling, Andreas},
  booktitle={Proceedings of the 5th augmented human international conference},
  pages={1--4},
  year={2014}
}